2812 4830
492 398 659 450 ANNALES
679 397 903 449 BERTINIANI.
1216 398 1257 447 1x

137 571 214 636 olim
228 592 300 632 cum
314 590 366 631 nr.
382 566 453 630 697.
470 568 674 646 coniunctus,
689 565 828 646 membr,
846 587 929 629 saec.
944 566 983 628 X.
999 568 1081 630 satis
1096 565 1259 652 elepanter

136 654 268 718 duabus
290 651 442 715 manibus
458 659 626 730 escaratus,
646 673 787 734 quarum
800 649 905 712 altera
921 650 1003 713 duos
1026 659 1153 713 tantum
1176 674 1256 736 qua·

137 739 302 801 terniones
324 741 357 818 (e
379 745 408 798 et
420 735 474 817 f),
496 757 569 798 cum
583 736 681 798 initio
696 734 811 797 horum
827 733 1013 814 annalium,
1035 734 1139 797 altera
1154 739 1256 800 maio-

136 843 205 885 rem
237 830 303 883 tam
335 818 511 882 uoluminis
548 841 645 902 quam
682 815 857 881 annalium
887 827 1019 900 partem
1052 820 1257 902 conscripsit.

137 905 398 969 Praemittuntur
420 901 491 966 alia
521 924 622 985 opera
648 901 822 982 historica,
845 902 1044 986 Eutropius,
1067 902 1259 967 Marcellini

138 989 328 1067 chronicon,
344 984 526 1072 Greporius
543 986 743 1049 Turonensis
757 987 956 1050 recensionis
974 985 1007 1067 0,
1023 987 1256 1071 Ihedeparins,

138 1070 288 1136 Annales
309 1071 540 1134 Laurissenses
561 1071 717 1147 maiores,
739 1072 788 1132 ita
809 1078 845 1132 ut
865 1069 993 1154 prande
1015 1079 1045 1132 et
1066 1072 1258 1134 continuum

139 1158 295 1221 historiae
319 1177 399 1238 opus
422 1155 474 1217 hic
490 1152 653 1216 collectam
668 1161 776 1231 castet,
800 1156 867 1218 sive
888 1154 928 1216 ab
950 1156 1022 1236 ipso
1037 1151 1175 1219 librario
1191 1156 1258 1218 siue

140 1241 180 1304 ab
216 1239 317 1303 altero
351 1238 507 1322 quodam,
541 1238 637 1300 cuius
663 1234 805 1301 laborem
838 1236 890 1301 hic
919 1238 983 1302 sibi
1010 1241 1257 1323 appropriavit.

142 1324 231 1388 Certe
247 1323 295 1386 uel
309 1322 420 1385 Remis
442 1320 491 1384 uel
505 1342 545 1384 ea
559 1321 712 1384 Remensi
733 1320 841 1384 codice
862 1322 920 1384 hoc
933 1322 1067 1404 factum
1088 1331 1134 1385 est
1153 1344 1256 1386 eccem-

135 1408 247 1491 plum,
275 1407 397 1490 qnippe
423 1405 510 1489 quod
529 1405 567 1468 in
587 1404 658 1486 fine
686 1403 831 1468 Odelrici
852 1405 1096 1490 archiepiscopi
1124 1413 1154 1469 et
1180 1405 1259 1469 cleri

140 1491 310 1554 Remensis
339 1490 502 1568 chartam,
533 1509 620 1552 aneio
648 1510 724 1551 vero
747 1487 817 1551 789.
845 1490 881 1551 in
907 1490 1059 1573 marpine
1086 1497 1196 1552 notam
1218 1490 1257 1552 de

142 1574 270 1658 Tilpini
292 1573 535 1656 archiepiscopi
556 1571 642 1635 obitu
667 1571 753 1658 (Hoc
772 1593 847 1634 vero
869 1593 964 1652 anno,
982 1580 1017 1634 ut
1039 1593 1110 1634 eom
1135 1580 1258 1636 utatum

142 1668 205 1737 est,
229 1656 387 1741 depositio
409 1655 470 1718 fuit
491 1655 600 1718 domni
622 1653 741 1739 Tilpini
763 1655 906 1740 episcopi
927 1657 957 1719 3.
980 1655 1090 1719 Nonas
1112 1595 1258 1742 deptem·

140 1741 221 1824 bris)
245 1741 443 1805 addideritl.
486 1739 621 1802 Libram
644 1762 665 1800 a
687 1739 891 1804 Betbmanno
913 1741 1093 1825 inspectum
1121 1741 1260 1822 (‘Arch.'

149 1825 237 1903 VIII,
286 1874 292 1887 .
314 1823 365 1887 80.
386 1823 466 1904 414)
488 1825 525 1886 in
548 1845 628 1886 cisiis
650 1833 777 1888 nostros
800 1826 1045 1888 accuratissime
1074 1822 1208 1888 contulit
1229 1824 1257 1887 b.

140 1932 182 1972 m.
211 1848 281 1972 zoi.
311 1906 429 1970 Heller.
479 1907 534 1969 Ea
561 1908 705 1984 eodem2,
732 1915 810 1970 tunc
839 1908 1032 1971 monasterii
1062 1906 1098 1972 S.
1128 1908 1260 1972 Bertini

140 1994 261 2070 codice,
284 1993 389 2056 ‘cuius
410 1990 577 2075 exemplar
599 2013 681 2054 curo
702 1991 743 2059 R.
766 1991 803 2054 P.
827 1991 994 2056 Heriberti
1007 1991 1174 2056 Rosioeidi
1194 2015 1258 2056 soc.

141 2078 215 2140 Iesu
234 2077 430 2160 descriptum
452 2083 497 2138 est
518 2083 547 2137 et
569 2097 590 2136 a
605 2075 730 2138 Ioanne
748 2073 912 2139 Bollando
934 2075 1075 2139 eiusdem
1097 2098 1160 2140 soc.
1176 2075 1257 2140 Ant-

141 2162 267 2244 soerpia
289 2159 536 2238 transmissum’,
554 2160 686 2243 primus
708 2159 907 2223 Franciscus
922 2158 1095 2223 Duchesne
1110 2159 1259 2224 Annales

142 2245 245 2308 edidit
272 2242 694 2326 (Historiae-Francorum
721 2241 782 2307 SS.
811 2243 876 2321 III,
900 2265 937 2327 p.
962 2243 1162 2325 loo-261),
1190 2247 1260 2308 eius

139 2328 305 2392 lectionem
327 2328 408 2389 satis
431 2335 583 2389 accurate
605 2327 800 2410 exprimens.
838 2327 938 2390 Hanc
956 2327 1129 2391 editionem
1144 2329 1260 2391 Mura-

141 2414 207 2475 tori
229 2411 308 2490 (88.
331 2410 371 2474 Ii.
388 2409 583 2473 Italicarum
598 2409 644 2490 ΙΙ,
661 2432 698 2494 p.
721 2410 801 2491 491)
824 2412 983 2492 repetiuit,
1006 2411 1157 2557 Boupuet
1178 2409 1259 2494 (SS.

140 2496 182 2563 Ii.
212 2493 418 2559 Gallicarum
444 2503 472 2557 et
498 2494 739 2558 Francicarum
768 2495 802 2558 T.
839 2494 888 2562 VI.
928 2494 996 2558 VII.
1034 2494 1081 2558 VI
1095 2495 1140 2576 I),
1173 2517 1260 2558 noua

141 2579 265 2642 codicis
287 2578 483 2642 Bertiniani
504 2577 674 2642 collatione
697 2587 840 2663 accepta,
862 2576 1032 2641 nonnullis
1053 2578 1134 2643 locis
1156 2601 1258 2641 emen-

143 2663 255 2727 datam
272 2663 461 2745 proposuit.
1253 2670 1256 2674 ’

229 2749 298 2824 la)
329 2744 437 2809 Coelen
463 2743 670 2808 bibliothecae
697 2743 852 2827 publicae
880 2743 1175 2808 Bruuellcnsis
1207 2766 1259 2807 nr.

141 2827 368 2906 6439-6451,
399 2827 474 2891 olim
508 2827 544 2889 S.
584 2827 714 2891 Vedasti
739 2827 995 2906 Atrebatensis⁸,
1022 2837 1100 2912 post
1131 2826 1261 2912 collepii

141 2912 307 2974 societatis
327 2911 403 2972 Iesu
424 2909 691 2992 Antioerpiensis,
716 2911 843 2974 membr.
871 2933 954 2974 saec.
977 2911 1040 2991 XI,
1068 2914 1126 2997 qui
1147 2912 1260 2974 eadem

142 3016 244 3077 opera
267 3017 349 3078 quae
365 2995 465 3057 codeu
483 2993 499 3056 1
515 2995 664 3073 continet,
687 3016 727 3057 ca
749 2996 808 3058 hoc
824 2993 946 3079 procul
966 2996 1066 3059 dubio
1082 2996 1189 3059 deseri
1214 3005 1258 3076 ta,

136 3087 313 3163 praeterea
328 3077 476 3142 Annales
491 3077 723 3141 Laurissenses
744 3080 887 3143 minores
909 3088 938 3142 et
962 3080 1149 3144 Vedastinos
1173 3019 1257 3143 eiia-

140 3184 213 3246 que,
236 3184 319 3246 quae
338 3159 398 3226 SS.
415 3161 461 3242 II,
480 3184 516 3243 p.
534 3162 604 3225 192.
627 3171 843 3243 recensentur,
866 3163 923 3228 nbi
942 3163 1035 3227 Pertz
1050 3164 1258 3248 praecipuas

141 3248 241 3309 huius
256 3246 335 3310 libri
348 3244 498 3310 lectiones
514 3247 666 3326 enotavit,
689 3269 773 3332 quae
787 3248 897 3331 ipsius
912 3249 1071 3334 oripinem
1086 3250 1168 3311 satis
1178 3269 1259 3331 pro-

141 3332 226 3394 dunt
234 3339 257 3410 ⁴,
278 3332 327 3394 ita
350 3338 385 3393 ut
407 3329 492 3394 nihil
503 3329 580 3412 fere
593 3330 731 3412 fructus
748 3353 788 3394 eu
803 3353 838 3394 eo
854 3335 1027 3417 percipere
1043 3333 1257 3416 potuerimus.

143 3474 171 3540 1)
191 3473 226 3523 In
245 3475 323 3525 dorso
342 3474 427 3524 ultimi
437 3473 504 3538 folii
522 3474 586 3524 baec
605 3475 737 3542 lepuutur,
760 3482 821 3528 teste
839 3476 956 3542 Libens:
975 3475 1089 3527 Karalus
1109 3474 1257 3538 Martellus,

139 3548 336 3614 paterPippini
356 3549 484 3612 genitoris
498 3547 591 3598 Karoli
605 3548 710 3614 Magni,
729 3551 830 3616 primus
850 3550 969 3601 decimas
988 3551 1023 3600 ab
1042 3549 1170 3599 altaribus
1190 3546 1258 3597 divi-

140 3624 176 3672 sit
200 3627 227 3671 et
251 3620 379 3672 militibus
404 3620 529 3685 tradidit,
555 3620 625 3671 unde
653 3628 771 3673 eternam
797 3623 996 3674 damnationem
1022 3624 1142 3672 incurrit.
1183 3619 1258 3680 Quae

138 3693 290 3744 recentioris
311 3693 405 3744 uelatis
425 3710 479 3745 esse
498 3694 630 3744 uidentur.
696 3696 723 3759 2)
742 3695 802 3746 Hoc
821 3696 898 3747 Perta
913 3695 1040 3762 probauit
1059 3700 1153 3745 contra
1171 3691 1258 3743 diuer-

138 3783 197 3818 sam
221 3766 376 3818 sententiam
398 3784 478 3831 quam
497 3765 602 3832 Lebeus
616 3765 750 3830 sustinuit,
770 3768 849 3819 ‘Hist
863 3770 896 3820 de
909 3767 1063 3820 laeadlmie
1081 3768 1127 3818 des
1145 3764 1258 3829 inserip-

139 3837 216 3890 tions'
234 3839 261 3892 T.
277 3840 389 3902 XVIII,
405 3858 434 3906 p.
449 3839 502 3888 274
522 3856 576 3904 sqq.
609 3838 728 3906 Singulis
741 3840 902 3907 lectionibus,
912 3840 1072 3907 praesertim
1090 3841 1144 3890 loco
1159 3857 1183 3889 a.
1195 3838 1258 3889 843.

140 3930 215 3963 eroso
236 3920 260 3964 et
279 3931 297 3962 a
315 3912 467 3964 Duchesnio
487 3911 582 3964 omisso
602 3913 660 3974 (sed
678 3914 707 3963 in
726 3914 808 3965 altero
834 3915 921 3966 codice
939 3916 1056 3977 seruato)
1080 3914 1257 3979 confirmatur.

141 3983 180 4050 CJ.
200 3984 279 4037 etiam
298 3985 445 4037 Dehaisnes
466 4003 496 4051 p.
521 4001 568 4047 VH,
594 4003 621 4036 n.
715 3984 744 4052 3)
771 3987 816 4037 Ita
840 3985 955 4039 ‘Arabio'
987 3985 1075 4050 VIII,
1096 4004 1126 4051 p.
1153 3986 1215 4036 401.
1236 3989 1259 4034 ct

138 4057 227 4110 Arndt
249 4059 278 4110 in
305 4059 426 4126 Greporii
448 4057 607 4110 Turonensis
632 4057 745 4110 editione
766 4077 796 4125 p.
814 4061 857 4112 26.
896 4058 1258 4125 Dehaisnesouidemp.11.

138 4132 251 4183 codicem
269 4133 298 4182 in
317 4132 475 4183 monasterio
493 4131 619 4184 Lobiensi
637 4132 806 4197 compilatum
824 4131 922 4199 diuque
945 4140 1079 4184 servatum
1104 4132 1180 4195 dicit,
1196 4149 1258 4196 per·

132 4221 238 4270 peram,
258 4212 288 4256 ut
300 4207 413 4266 ridetur,
427 4204 526 4256 Perteii
545 4203 639 4268 rabis,
659 4203 709 4256 SS.
723 4204 766 4264 II,
781 4222 811 4270 p.
827 4207 889 4270 192,
902 4205 1046 4257 intellectis.
1122 4203 1151 4271 4)
1168 4203 1259 4267 Neque

136 4277 239 4330 Monod
266 4279 392 4330 assentire
407 4295 532 4342 possum,
557 4278 603 4344 qui
628 4278 646 4329 l.
666 4278 683 4328 l.
703 4293 732 4342 p.
754 4279 816 4330 247.
839 4280 851 4326 1
873 4285 897 4331 et
918 4280 955 4327 1³
981 4295 1013 4329 ea
1037 4276 1168 4328 communi
1178 4276 1258 4342 sonte

136 4367 261 4404 manasse
280 4353 381 4403 statuit.
431 4347 434 4350 ⁴
