2812 4830
148 357 187 408 VI
506 360 673 412 ANNALES
692 359 912 411 BERTINIANI.

149 526 233 589 siunt
255 527 424 618 episcopo,
447 527 571 606 deberi,
601 548 641 589 erc
664 527 841 591 Hincneari
860 528 1039 597 [larneneia
1051 528 1189 611 epistola
1218 531 1277 596 25.

149 608 195 671 ad
220 608 392 694 Epildnern
421 611 704 694 archiepiscopum
733 609 949 675 Senonensera
977 612 1122 675 directa¹
1150 615 1276 678 intelli-

148 693 249 777 pitur,
272 714 339 776 qua
354 695 403 756 ita
418 694 547 758 scribit:
570 692 708 758 domnus
723 693 915 758 Prudentius
932 695 966 756 in
981 693 1088 758 annali
1103 706 1274 780 gestorum

147 785 330 839 nostrorum
353 797 481 861 regum,
504 797 586 862 quae
609 778 807 862 composuit,
836 778 877 842 ad
900 778 1151 842 confirmandam
1175 803 1274 848 suam

148 861 351 940 sententiam,
372 861 471 944 gestis
492 861 568 924 anni
590 860 770 925 dominicae
798 862 1027 926 incarnationis
1049 864 1121 929 859.
1149 863 1275 932 indidit

147 943 274 1007 dicens:
296 942 459 1007 ‘Nicolaus
481 944 628 1030 pontifex
650 944 813 1009 Romanus
835 944 875 1009 de
896 948 999 1029 gratia
1021 947 1085 1010 Dei
1113 957 1145 1012 et
1165 947 1273 1015 libero

147 1025 290 1107 arbitrio,
312 1025 352 1090 de
367 1029 501 1092 veritate
517 1029 665 1113 geminae
681 1028 982 1114 praedestinationis
1004 1040 1037 1095 et
1058 1030 1098 1096 de
1113 1034 1274 1117 sanguine

148 1108 279 1192 Christi,
302 1121 337 1174 ut
358 1133 417 1196 pro
441 1110 644 1176 credentibus
666 1112 815 1177 omnibus
837 1114 926 1178 fusus
948 1116 1005 1197 sit,
1036 1114 1173 1180 fideliter
1194 1137 1273 1182 con·

120 1241 128 1259 .
147 1194 253 1258 firmat
273 1205 305 1259 et
319 1195 475 1261 catholice
490 1195 659 1278 decernit’3
683 1196 768 1282 quod
791 1219 848 1282 per
868 1197 965 1262 alium
988 1219 1053 1262 non
1073 1199 1272 1284 audivimus,

146 1300 207 1342 nec
229 1277 307 1343 alibi
329 1277 477 1364 legimus.
520 1279 625 1362 Unde,
650 1283 725 1365 quia
740 1282 811 1366 ipsa
826 1292 927 1366 gesta,
949 1282 1066 1367 quibus
1089 1283 1167 1347 haec
1190 1303 1270 1348 con·

146 1363 266 1447 scripta
286 1372 371 1446 sunt,
393 1365 458 1428 iam
480 1364 514 1426 in
536 1363 748 1450 plurimorum
769 1387 884 1430 manus
903 1364 1111 1448 devenerunt,
1134 1388 1270 1435 necesse

145 1455 202 1526 est,
226 1455 261 1510 ut
282 1446 386 1512 taliter
406 1447 446 1512 de
467 1446 529 1511 hoc
552 1448 671 1513 domno
693 1448 871 1534 apostolico
893 1451 1091 1534 suggeratis,
1112 1473 1152 1514 ne
1174 1473 1269 1517 scan-

145 1529 253 1594 dalum
282 1531 356 1596 inde
384 1531 417 1594 in
447 1530 586 1597 ecclesia
607 1534 716 1597 veniat
718 1581 850 1599 .....
882 1533 992 1620 Ipsum
1013 1545 1120 1599 autem
1147 1537 1268 1603 annale

145 1614 231 1701 quod
246 1614 328 1696 dico,
350 1638 410 1680 rex
423 1614 532 1698 habet,
554 1625 586 1681 et
606 1617 676 1703 ipse
692 1626 742 1682 est
755 1615 808 1682 ille
823 1616 913 1698 liber,
935 1640 1031 1704 quem
1047 1640 1153 1683 coram
1169 1620 1269 1687 vobis

144 1700 177 1761 in
199 1698 344 1781 ecclesia,
366 1701 422 1764 ubi
436 1722 495 1764 vos
517 1699 611 1764 nobis
633 1701 880 1783 commendavit,
902 1723 1012 1766 coram
1030 1704 1122 1768 vobis
1144 1703 1186 1767 ab
1208 1703 1268 1770 illo

144 1782 222 1845 mihi
267 1785 432 1848 raestitum
454 1784 484 1848 ei
505 1784 641 1850 reddidi.
692 1786 794 1850 Verba
816 1786 856 1849 ab
879 1787 1061 1850 Hincraaro
1083 1784 1199 1867 reluta,
1227 1793 1269 1854 in

145 1805 324 1932 annalibus
346 1872 467 1933 nostris
485 1870 543 1932 snb
556 1869 661 1952 finem
683 1873 766 1934 anni
787 1869 859 1934 859.
881 1868 1043 1956 lepuntur.
1089 1870 1168 1935 Cura
1187 1895 1268 1939 cero

143 1951 343 2016 Prudentius
372 1975 459 2016 anno
488 1952 566 2032 861,
594 1964 630 2017 ut
657 1953 705 2019 ibi
728 1952 835 2037 paulo
859 1954 1108 2037 posthabetur,
1136 1953 1267 2039 obierit,

144 2044 226 2098 certe
255 2035 344 2099 ultra
372 2038 441 2101 cias
472 2039 557 2101 anni
584 2038 719 2102 initiunt
747 2059 764 2100 o
791 2060 831 2102 ne
858 2060 953 2101 auant
977 2038 1162 2123 producere
1193 2061 1266 2106 non

137 2120 260 2203 poterit.
303 2120 520 2185 Doctissirnue
543 2121 619 2185 cline
641 2122 741 2185 abbae
761 2059 889 2207 debens
899 2121 1069 2205 peculiari
1090 2145 1128 2186 ea
1158 2122 1197 2185 de
1227 2147 1267 2189 re

143 2203 391 2269 dissertatione²
408 2215 646 2286 commentatus,
668 2204 798 2291 reliqua
818 2207 895 2271 inde
919 2206 960 2269 ab
983 2230 1014 2269 a.
1030 2207 1101 2271 861.
1125 2230 1147 2269 a
1167 2210 1265 2290 prio-

142 2287 236 2351 ribus
253 2289 357 2373 plane
379 2289 512 2353 diversa
532 2311 599 2353 esse
617 2289 783 2373 probauit.
826 2290 870 2352 Et
885 2291 1033 2374 primunt
1055 2290 1165 2374 quoad
1190 2294 1263 2355 ain-

142 2371 241 2456 pulaa
271 2395 375 2452 voces,
402 2373 619 2437 Prudentiori
648 2395 688 2435 ea·
718 2373 890 2456 Hispania
918 2375 1113 2454 oriundum,
1142 2379 1264 2459 patrio

141 2477 238 2536 neore,
257 2458 511 2602 ppotiescunpue
533 2466 716 2537 occurrat³,
737 2480 804 2521 non
832 2456 1022 2543 epiphaniae
1049 2459 1106 2522 scd
1125 2462 1265 2558 'appari-

141 2539 235 2603 tionis
292 2541 391 2603 omini
408 2541 535 2626 festum
551 2541 667 2621 dicere,
689 2563 741 2604 rec
756 2541 958 2605 Francorum
975 2543 1055 2605 etin
1071 2565 1263 2608 univercum

141 2625 396 2690 christianorum
419 2634 543 2688 nostras
565 2633 714 2705 uocare⁴,
736 2627 767 2690 ai
781 2647 847 2710 qua
861 2647 913 2689 rea
923 2636 1050 2712 poscat,
1073 2649 1139 2690 non
1154 2649 1263 2690 uocem

141 2707 240 2772 hostis
263 2708 320 2773 ced
339 2711 490 2774 Romano
512 2731 599 2773 inore
621 2710 782 2773 exercitus
806 2709 969 2791 addidere,
995 2720 1092 2795 utque
1114 2732 1153 2773 en
1175 2710 1263 2775 Iulii

143 2792 298 2858 Caesaris
320 2795 561 2858 commentariis
582 2803 612 2858 et
633 2795 812 2858 Itinerario
835 2795 1063 2859 Antoniniana
1093 2794 1261 2876 didicerit,

140 2878 236 2941 urbes
275 2876 407 2942 Galliae
449 2881 549 2942 ueteri
587 2878 808 2964 appellatione
844 2877 1046 2963 Agedincum
1085 2877 1261 2961 Senonum,

46 2985 50 2992 ’
139 2960 320 3046 Augustam
336 2961 522 3043 Trecorum,
537 2962 719 3046 Augustam
731 2961 947 3043 Trevirorum,
964 2962 1145 3044 Augustam
1158 2961 1262 3026 Vero-

140 3044 364 3126 manduorum,
387 3044 649 3109 Caesarodunum
666 3046 842 3125 Turonum,
869 3046 1120 3108 Durocortorum
1143 3043 1260 3110 Remo-

139 3150 221 3210 rum,
230 3127 489 3193 Samarobrivam
498 3125 741 3208 Ambianorum,
750 3128 899 3191 Latitiam
910 3128 1114 3205 Parisiorum,
1128 3125 1261 3194 Tullum

139 3211 321 3277 Leucorum
343 3214 525 3294 nominare,
541 3212 619 3276 dunt
633 3221 749 3278 contra
772 3235 793 3274 a
808 3213 1034 3276 continuatore
1053 3213 1162 3293 operis
1179 3225 1262 3295 post

141 3318 266 3360 annunt
293 3296 365 3361 861.
395 3294 489 3359 cernel
520 3304 647 3359 tanturn
676 3295 929 3359 Durocortorum
957 3293 1130 3357 Remorum
1159 3297 1258 3361 addi-

140 3381 268 3460 deatnr,
296 3389 324 3443 et
351 3401 414 3443 uon
440 3379 540 3443 hostis
565 3379 634 3444 loco
663 3381 843 3442 exercitus⁵
896 3399 988 3441 encre
1016 3379 1199 3443 masculino
1230 3393 1261 3446 ct

128 3463 311 3548 feminino,
341 3473 369 3527 ct
395 3461 553 3527 honores⁶
582 3463 651 3527 loco
683 3460 839 3525 beneficia
871 3401 1027 3524 daedaliffl
1060 3463 1153 3546 apud
1185 3488 1261 3531 eum

140 3558 324 3627 occurrant,
342 3549 529 3633 proposuit.
572 3547 676 3610 Porro
693 3545 907 3610 Prudentiana
928 3545 1114 3611 nouaclum
1130 3548 1259 3631 Hispa-

138 3635 216 3697 nica
226 3633 378 3717 plurima
392 3632 543 3716 resera&
566 3630 623 3696 sed
636 3632 672 3693 in
689 3631 836 3694 omnibns
859 3653 943 3716 quae
956 3641 1133 3695 memoratu
1151 3632 1261 3717 dipraa

138 3718 343 3803 contiperint,
365 3715 601 3780 mutationibus
622 3713 701 3778 solia
723 3724 752 3776 et
772 3712 903 3795 laeeae⁹,
926 3717 1106 3796 cometam,
1130 3738 1260 3783 aurora

141 3876 168 3943 l)
186 3876 329 3928 Hincntori
351 3878 438 3944 Opera
456 3879 498 3940 II,
513 3895 543 3942 p.
562 3878 623 3928 292.
698 3878 725 3942 2)
746 3877 945 3930 ‘Dissertatione
964 3895 1012 3928 aar
1031 3875 1157 3928 ldictoirc
1176 3879 1259 3928 cccle-

137 3948 262 4014 siaatique
281 3959 304 4001 ct
323 3951 398 4003 ciuile
417 3951 449 4002 de
468 3949 564 4002 Paria.
602 3949 692 4001 Paris.
714 3951 793 4003 1739.
809 3969 839 4017 p.
860 3952 1015 4002 432-499.
1090 3950 1120 4016 3)
1139 3948 1171 4000 A.
1193 3950 1258 4004 838.

138 4022 200 4072 839.
220 4021 282 4074 840.
303 4025 363 4076 842.
440 4024 469 4088 4)
489 4023 521 4075 A.
536 4025 597 4076 836.
612 4024 664 4073 837
680 4023 726 4074 bie.
744 4024 797 4073 838
817 4025 866 4076 bie.
880 4025 942 4076 839.
957 4025 1020 4075 845.
1038 4024 1100 4074 847.
1115 4024 1176 4074 849,
1191 4024 1256 4076 850.

137 4097 167 4160 5)
186 4092 219 4146 A.
245 4095 306 4148 865.
333 4096 395 4145 866.
422 4097 483 4150 867,
510 4099 565 4146 872
602 4098 663 4148 873.
694 4098 754 4146 875
787 4099 849 4149 880.
935 4097 965 4162 6)
989 4096 1152 4148 Prudentius
1177 4100 1259 4148 semet

137 4185 162 4219 a.
183 4169 243 4218 839.
264 4171 297 4220 de
315 4169 458 4221 honoribus
479 4171 651 4238 beneficiariis
671 4170 794 4235 loquitur.
868 4172 897 4238 7)
914 4169 947 4222 Α.
968 4172 1029 4222 865.
1050 4171 1111 4219 866.
1132 4170 1184 4217 869
1206 4170 1255 4224 cis.

136 4240 200 4291 872.
221 4240 282 4292 882.
348 4242 377 4307 8)
396 4243 428 4295 A.
449 4243 511 4298 839.
532 4252 556 4296 et
575 4245 637 4295 847.
657 4246 690 4295 de
709 4244 842 4306 Pectore,
862 4245 924 4295 844.
945 4244 1007 4295 847.
1028 4242 1090 4292 848,
1111 4242 1172 4294 849,
1190 4241 1254 4295 852.

136 4314 197 4365 858.
219 4314 279 4366 859.
355 4317 383 4382 9)
402 4315 434 4367 A.
455 4319 516 4370 838.
537 4319 599 4370 840.
621 4318 682 4368 860.
761 4317 807 4385 10)
827 4316 861 4369 Α.
881 4318 943 4369 855.
