2812 4830
168 303 237 354 VIII
519 303 684 355 ANNALES
706 305 928 356 BERTINIANI.

168 471 294 555 Lebeuf
318 473 353 534 iu
382 472 524 535 editione
546 471 779 557 Bouquetiano
808 475 885 554 loci,
916 475 1042 559 qualeae
1066 498 1086 538 o
1110 477 1297 543 Prudentio

165 553 348 640 profectura
360 555 474 640 fuisse
488 556 663 636 cuistineat,
678 559 869 621 restituendi
878 557 1174 642 per·icuiunefecit,·
1194 566 1297 626 cuius

169 643 361 703 senteutiam
383 638 480 722 infra
502 660 628 724 quoque
649 639 834 724 referemus.

257 721 384 796 Quodsi
411 722 449 786 de
472 725 582 807 operis
596 722 667 804 fide
684 726 892 870 gesneriana,
918 749 1076 811 inaquam
1105 729 1135 792 ei
1156 730 1193 792 in
1216 736 1297 797 ceni·

169 831 297 871 uersum
313 809 538 871 auctoritatem
553 807 681 871 tribuen
708 831 771 888 ane,
794 808 1013 872 Hincneorune
1027 832 1115 891 uero,
1136 813 1173 874 in
1196 815 1298 879 rebus

164 893 351 976 praecipue
373 893 458 972 suis,
487 892 611 955 neaiore
637 892 923 976 circumspectione
952 893 1186 959 consulendum
1216 921 1297 980 esse,

170 997 211 1038 en
233 975 458 1062 superioribus
476 983 578 1058 patet.
963 975 1002 1044 G.
1027 978 1069 1040 H.
1092 979 1250 1044 PERTZ.

256 1159 326 1223 Hos
349 1159 488 1223 annales
510 1159 569 1221 sub
590 1161 799 1243 imperatoris
821 1160 983 1226 Ludouici
1006 1171 1036 1227 et
1062 1165 1151 1249 reqis
1173 1164 1299 1230 Karobi

174 1241 269 1308 Calui
296 1244 459 1327 auspiciis
489 1245 628 1327 scriptos
649 1265 731 1325 esse,
762 1253 798 1306 ut
819 1248 933 1313 seriens
955 1246 1130 1311 annalium
1152 1249 1295 1332 publica

172 1329 366 1393 auctoritate
387 1336 609 1412 susceptorum
625 1329 869 1409 continuarent,
893 1329 955 1393 alii
970 1332 1212 1412 contenderunt,
1231 1335 1296 1399 abii

169 1413 207 1476 in
229 1411 364 1476 dubium
378 1419 575 1476 uocauerunt
586 1423 608 1477 ¹.
640 1411 691 1474 De
713 1434 778 1497 qua
794 1415 982 1498 quaestione
997 1416 1049 1479 bic
1066 1438 1085 1476 a
1111 1439 1162 1479 erc
1177 1439 1295 1501 serper-

169 1497 279 1577 sedeo,
309 1494 438 1560 lectores
469 1495 516 1558 ad
543 1518 582 1558 ea
609 1498 772 1560 remittens
801 1519 885 1581 quae
923 1497 955 1561 V.
981 1495 1026 1563 Cb.
1097 1502 1294 1567 ettenbacb²

169 1581 333 1663 exposuit.
377 1580 472 1644 Recte
494 1581 579 1643 enim
600 1581 766 1644 monuisse
787 1581 925 1660 uidetur,
953 1585 1123 1667 episcopos
1146 1583 1293 1668 Galliae,

169 1673 198 1728 et
251 1664 421 1727 raesertine
452 1663 671 1727 fflncmarum
701 1663 888 1728 Remenscne
916 1666 1048 1730 uriniano
1076 1668 1209 1753 reqibus
1243 1673 1292 1734 itu

171 1748 216 1811 ad
240 1751 321 1812 ictos
333 1746 462 1831 fecisse,
486 1756 594 1810 utres
616 1749 653 1810 in
676 1768 788 1810 eorurn
801 1746 956 1830 fauorem
978 1746 1026 1812 vet
1051 1760 1216 1815 ructarent
1244 1755 1294 1818 uel

170 1839 321 1894 tacerent.
367 1829 478 1914 Neque
500 1832 588 1893 inter
608 1829 762 1911 turbines,
786 1831 903 1915 quibus
925 1854 1062 1916 reanum
1085 1835 1293 1903 Francorum

170 1914 294 1978 ultimis
315 1914 387 1977 eius
409 1914 510 1977 annis
532 1913 682 1976 obrutum
711 1923 791 1993 erat,
822 1915 880 1978 bos
901 1916 1039 1980 unciales
1061 1919 1097 1982 in
1122 1919 1202 1982 auia
1225 1943 1292 1985 ser-

170 2007 263 2062 uatos
285 2019 361 2078 esse,
384 1999 440 2060 sed
462 1997 691 2076 Hincrnaruuc,
718 1998 777 2083 qui
787 1997 865 2081 fere
886 2023 926 2063 ns
947 2022 987 2064 ne
1010 2001 1055 2065 ad
1076 2005 1160 2067 uitae
1182 2010 1291 2071 termi-

170 2105 249 2146 num
272 2103 325 2145 eos
347 2082 561 2162 continuavit,
584 2081 724 2146 codiceru
747 2104 854 2147 seeum
876 2023 1037 2165 babceisse,
1061 2088 1158 2150 ctione
1180 2088 1293 2154 Remis

165 2166 360 2251 profuqurn,
376 2173 411 2229 ut
426 2164 711 2230 Nortrnannorurn
725 2168 879 2251 impeturn
894 2169 1052 2249 euaderet,
1073 2181 1262 2256 asportasse
1272 2184 1293 2255 ³,

165 2259 243 2334 post
263 2272 338 2313 uero
362 2272 395 2313 eo
418 2250 600 2330 redunisse,
618 2251 780 2335 putarim.

255 2333 437 2398 Hincnearo
453 2337 525 2400 uiuo
540 2335 578 2398 in
598 2335 734 2418 epistola
752 2335 873 2420 synodi
890 2334 1128 2400 Curisiaceusis
1144 2344 1194 2418 (a.
1210 2339 1292 2423 879)

171 2417 333 2502 quaedam
361 2439 400 2479 eac
429 2417 619 2482 Annalibus
650 2426 727 2480 suaet
755 2427 893 2482 cuneta*⁸
943 2420 1060 2484 Postea
1082 2420 1293 2489 biodoarcius

168 2503 205 2565 in
229 2502 381 2566 Historia
403 2501 572 2565 Remensis
593 2501 743 2566 ecciesiae
771 2504 995 2587 componenda
1023 2506 1070 2568 eis
1097 2527 1178 2568 usus
1206 2517 1293 2591 est⁵,·

169 2585 332 2650 Rioberus
347 2585 467 2648 librurn
482 2607 574 2668 quem
590 2586 785 2669 conscripsit
800 2587 841 2649 ab
856 2608 891 2650 eo
906 2595 1046 2671 tempore
1061 2589 1293 2672 incipiendum

132 2683 141 2704 ·
168 2670 332 2734 iudicauit
369 2691 411 2732 uo
428 2667 630 2733 Hincrnorus
645 2668 808 2734 caloneurn
824 2670 1007 2753 deposuit⁶.
1044 2669 1110 2744 Qui
1124 2676 1160 2736 in
1176 2697 1291 2739 neona-

169 2757 266 2819 sterio
283 2754 318 2819 S.
367 2753 485 2816 anonis
507 2752 676 2817 Miracuia
697 2756 806 2818 sancti
835 2757 1029 2839 conscripsit
1056 2765 1084 2820 et
1099 2757 1294 2824 Lambertus

170 2837 288 2904 Sancti
309 2837 496 2901 Audomori
518 2840 698 2901 eanonicus
726 2840 762 2902 in
790 2837 987 2925 qeneuioqia
1014 2842 1164 2905 counitum
1187 2842 1292 2907 bian-

170 2923 359 2987 drausione
383 2943 423 2984 eu
439 2919 626 2984 Annalibus
648 2919 811 2985 nonnullo
832 2927 975 2986 mertuoti
995 2936 1080 2988 sunt.
1117 2925 1291 2991 Praeterea

170 3015 319 3070 auctores
336 3004 493 3071 Obronici
514 3005 690 3085 Veciostini,
712 3005 897 3070 Annalium
912 3007 1139 3071 Mettensiuut⁸
1161 3019 1190 3071 et
1208 3009 1293 3075 Con-

168 3090 366 3152 tinuationis
388 3087 537 3153 Ainoini
558 3089 726 3155 Historiae
748 3090 952 3154 Francorum
974 3093 1011 3154 in
1033 3095 1231 3158 moreosterio
1256 3093 1291 3159 S.

171 3171 330 3238 Germani
344 3173 533 3238 Parisieusi
547 3173 683 3237 additae
697 3196 854 3259 uuquam
870 3196 980 3238 eorune
999 3184 1127 3259 partone
1143 3176 1291 3264 descrip-

170 3267 298 3337 serant,
327 3258 375 3320 ita
401 3265 437 3319 ut
466 3256 595 3320 saeculo
625 3257 682 3320 ΧΙ.
711 3257 896 3340 compluria
923 3256 1001 3323 libri
1022 3257 1226 3344 enemplaria
1254 3265 1292 3326 in

172 3339 284 3405 Gallia
307 3350 336 3403 et
349 3340 570 3426 Lotbarinqia
586 3343 727 3406 eutitisse
741 3363 868 3406 neeesse
889 3344 941 3407 sit.
977 3343 1128 3408 Rbenurn
1148 3367 1222 3409 uero
1240 3347 1292 3411 bic

168 3425 260 3506 liber,
276 3425 362 3510 quod
377 3426 506 3505 scimus,
528 3447 707 3511 numquam
721 3434 950 3511 trausqressus
964 3436 1020 3508 est,
1039 3437 1069 3490 et
1083 3428 1148 3492 duo
1164 3437 1290 3494 tantuna

169 3511 295 3576 codices
316 3511 369 3573 ini
391 3531 436 3572 uo
457 3507 661 3574 soeculorum
673 3508 757 3594 fata
779 3520 962 3581 evaseruut,

256 3594 291 3674 1)
316 3532 425 3660 Gorbeus
437 3591 642 3658 bibliothecae
648 3592 803 3679 prebiicae
814 3593 1135 3659 Audomorensis
1150 3619 1202 3660 nr.
1216 3596 1289 3679 706,

173 3756 200 3822 1)
220 3755 259 3822 eJ.
280 3755 419 3819 Neorion,
445 3756 599 3808 ‘Hinicmar'
620 3774 650 3823 p.
666 3757 728 3820 153,
753 3773 797 3817 n.,·
823 3756 1002 3824 Girqensobn,
1034 3756 1206 3809 ‘Prudentius
1231 3761 1290 3811 und

170 3829 213 3880 die
234 3828 465 3880 Bertinianiecben
486 3829 619 3882 Annalen’
647 3830 726 3882 1875.
807 3826 836 3895 2)
856 3829 1128 3895 ‘Geecbicbtsqueilen'
1154 3831 1194 3881 ed.
1214 3833 1241 3883 4.
1264 3834 1288 3897 I,

166 3918 196 3966 p.
211 3902 262 3951 239
274 3919 328 3968 sqq.
392 3901 421 3968 3)
441 3903 486 3952 Itu
504 3903 560 3954 iarn
579 3903 706 3955 Noorcien
721 3920 752 3967 p.
772 3902 836 3951 401.
897 3903 927 3970 4)
949 3901 988 3966 Cf.
1009 3901 1058 3954 SS.
1077 3903 1162 3967 XIII,
1177 3921 1207 3969 p.
1223 3906 1287 3969 471,

169 3991 196 4025 n.
215 3973 233 4023 4
253 3974 312 4037 (ubi
329 3976 401 4042 leone
419 3975 511 4028 uelim:
530 3975 651 4028 similiter
668 3976 696 4026 in
708 3974 779 4027 Anu.
793 3975 866 4026 Bert.
887 3992 914 4026 a.
928 3976 991 4026 834.
1011 3977 1163 4043 lequntur)‚·
1179 3994 1208 4042 p.
1222 3978 1288 4042 472,

169 4065 195 4098 u.
216 4047 242 4100 2.
262 4049 286 4099 7.
380 4047 409 4115 ὅ)
429 4047 499 4100 Ibid.
514 4066 544 4115 p.
559 4050 622 4101 479.
644 4050 705 4100 507.
810 4047 840 4115 6)
859 4048 966 4115 Praef:
986 4049 1068 4101 Cuius
1087 4052 1126 4100 rei
1145 4051 1250 4100 initium
1273 4070 1289 4102 a

169 4123 258 4172 vicino
273 4121 423 4172 ducendum
438 4124 597 4186 existimavi,
617 4139 676 4173 cum
696 4138 739 4173 res
759 4123 842 4173 multo
862 4128 926 4173 unte
945 4129 1036 4188 gestas
1052 4124 1130 4174 divae
1144 4128 1290 4176 memoriae

170 4195 331 4246 Hincmarus
352 4231 359 4245 .
380 4231 387 4245 .
408 4230 415 4246 .
434 4231 441 4247 .
461 4198 516 4248 suis
536 4195 676 4246 annalibus
697 4196 881 4262 copiosissime
905 4198 1042 4247 annexuit.
1118 4195 1146 4262 7)
1167 4195 1217 4250 88.
1238 4198 1291 4262 IX,

165 4285 197 4332 p.
216 4270 278 4322 309.
355 4266 384 4333 8]
404 4265 490 4319 Annis
509 4269 668 4331 830—8375
688 4285 712 4320 a.
730 4268 871 4321 Ducbesne
891 4267 949 4333 ΙΙΙ,
964 4286 995 4334 p.
1010 4269 1073 4321 300.
