2812 4830
220 383 245 432 X
575 377 742 429 ANNALES
763 377 985 430 BERTINIANI.

304 547 342 627 2)
375 545 483 611 Oodeon
519 545 674 610 Obronici
713 545 881 608 Vedastini
908 545 946 607 in
977 543 1167 608 bibliotheca
1204 546 1345 627 publica

221 631 442 695 Duacensi
475 651 526 698 nr.
557 629 628 694 753.
661 651 751 692 nunc
783 637 947 708 seruatus,
981 628 1020 692 de
1053 650 1115 712 quo
1149 627 1212 693 SS.
1245 630 1348 711 XIII,

215 738 253 802 p.
270 714 334 781 674
347 736 415 799 sqq.
438 715 561 799 apitur.
595 714 724 798 Mapna
740 711 924 776 Annalium
934 733 1021 795 pars
1035 713 1073 775 in
1089 712 1147 776 boc
1164 715 1347 779 chronicon

221 799 366 878 transiit,
377 820 466 862 nunc
479 819 563 878 vero,
574 798 787 882 quaternione
799 795 918 877 evulso,
928 798 1013 860 anni
1023 795 1202 860 830-844.
1214 807 1347 862 tontum

221 891 360 946 enatant.
409 879 534 945 Auctor
561 881 681 945 librum
711 903 802 965 qoem
824 902 912 965 prae
940 880 1092 944 manibus
1127 880 1242 945 babuit
1274 891 1345 946 tam

213 965 360 1048 fideliter
381 967 549 1048 conpressit,
571 964 696 1048 atsere
718 965 841 1028 codicis
856 964 962 1028 locum
982 961 1120 1047 conpleat,
1143 974 1171 1027 et
1193 968 1349 1048 quamuis

216 1049 350 1136 plerum
371 1071 411 1112 ue
438 1051 535 1114 etiam
561 1051 599 1113 in
625 1049 751 1112 mendis
773 1050 898 1132 apertis
927 1071 1000 1112 cum
1025 1049 1040 1110 1.
1065 1052 1252 1128 conveniat,
1276 1073 1344 1113 non

222 1144 330 1280 torpebit
352 1072 411 1197 boc
434 1153 513 1197 usus
535 1155 601 1197 esse
617 1141 734 1217 potest,
754 1155 828 1197 cum
849 1130 1013 1196 nonnulla
1034 1135 1154 1197 rectius
1169 1142 1198 1197 et
1209 1133 1350 1217 plenius

224 1239 264 1282 eon
287 1219 300 1281 i
322 1226 384 1281 eat.

307 1301 362 1364 Eoo
393 1303 409 1364 l
446 1309 474 1364 et
507 1301 527 1364 2
561 1322 679 1364 novam
712 1300 884 1365 editionem
910 1301 1051 1383 paravit
1091 1297 1124 1364 C.
1156 1300 1348 1364 Delsaisnes

224 1385 369 1449 Parisiis
409 1384 510 1465 1871;
551 1406 649 1468 quam
691 1384 786 1448 iustis
826 1385 909 1448 rotis
983 1405 1079 1447 arum
1124 1384 1345 1467 respondisse,

226 1468 265 1532 G.
288 1468 413 1532 Monod
434 1468 575 1532 ostendit
596 1468 736 1550 (‘Reoue
750 1468 897 1553 critique'
921 1406 1013 1547 1de
1035 1491 1086 1531 nr.
1110 1468 1150 1532 16
1157 1489 1169 1548 ;
1192 1468 1235 1550 cf.
1260 1491 1349 1553 quae

223 1553 338 1617 monui
359 1551 454 1617 ‘Gon
479 1549 546 1615 Get.
562 1550 654 1616 Ano!
678 1550 769 1632 1873,
791 1575 842 1616 nr.
860 1553 877 1615 1
899 1600 907 1615 .
942 1549 1124 1617 Nonnullis
1143 1561 1249 1615 tamen
1273 1555 1348 1616 eius

225 1636 493 1702 adnotationibus
515 1657 597 1700 usas
611 1656 693 1715 sum,
715 1635 804 1700 alias
819 1657 860 1699 oon
874 1637 949 1700 Bou
971 1636 1038 1700 usti
1051 1644 1080 1698 et
1094 1634 1213 1699 Pertnii
1228 1635 1344 1699 editio·

225 1721 322 1785 nibus
332 1722 472 1801 retinui;
487 1729 659 1802 praeterea
669 1718 769 1784 libros
782 1743 803 1784 a
820 1719 921 1784 WO
971 1718 1121 1783 .Simson
1136 1728 1165 1782 et
1175 1718 1350 1782 Diimmler

226 1805 395 1869 deboram
410 1825 571 1868 annorum
586 1803 725 1868 bistoria
740 1805 941 1889 conscriptos
958 1811 987 1865 et
1008 1825 1091 1887 quae
1107 1803 1231 1867 Monod
1249 1803 1288 1884 (l.
1306 1802 1328 1867 l.
1330 1811 1346 1884 )

226 1890 378 1972 conposuit
399 1886 559 1952 consului.
602 1887 658 1951 Ad
680 1886 826 1951 codicum
843 1909 917 1951 cero
932 1886 1098 1952 lectionem
1113 1886 1347 1951 ementiendam

226 1995 278 2037 nos
308 1970 447 2035 adbibui
475 1979 624 2035 auctores
651 1972 709 2055 qui
738 1969 886 2034 Annales
910 1972 1091 2055 posteriore
1118 1980 1257 2055 tempore
1291 1994 1345 2035 con·

226 2059 438 2203 scripserunt,
455 2055 652 2138 praesertim
666 2055 816 2120 Aimoini
836 2058 1102 2135 continuatorem,
1124 2057 1183 2202 ppei
1205 2055 1284 2119 inde
1307 2056 1347 2118 ab

227 2163 258 2204 a.
308 2138 359 2203 69.
389 2160 506 2223 presso
534 2140 619 2222 pede
651 2161 704 2203 eos
737 2162 769 2204 se
792 2140 893 2204 uitur.
949 2139 1096 2206 Codioem
1153 2141 1347 2203 aniciensem

226 2246 278 2288 nr.
302 2223 414 2288 12711.
442 2224 673 2308 autopraplsou
702 2225 739 2286 in
761 2163 847 2287 dunc
867 2224 971 2306 finem
1000 2223 1032 2288 V.
1058 2222 1103 2289 Ol.
1125 2224 1166 2286 A.
1189 2221 1348 2287 Molinier

227 2307 401 2393 dilipenter
422 2309 575 2387 concussit,
596 2309 646 2372 ita
665 2316 701 2370 ut
721 2331 810 2371 nunc
825 2309 952 2372 demum
968 2307 1006 2372 de
1021 2329 1100 2372 oera
1115 2308 1185 2370 eius
1201 2305 1347 2386 lectione,

228 2392 269 2456 ab
295 2391 390 2455 editis
411 2389 506 2455 valde
528 2391 675 2472 diversa,
702 2391 822 2475 referri
844 2393 999 2476 potuerit.
1043 2390 1128 2454 Acta
1146 2390 1284 2474 publica
1309 2392 1347 2455 ab

227 2475 411 2541 Hincmaro
440 2477 633 2540 narrationi
656 2479 782 2540 inserta
809 2499 882 2540 cum
909 2475 1151 2559 exemplaribus
1178 2473 1259 2539 alibi
1283 2498 1347 2541 ser·

228 2561 314 2624 vatis
339 2558 471 2640 contuli,
501 2581 603 2643 neque
632 2560 739 2624 tamen
772 2583 811 2624 ea
844 2560 1014 2624 emendare
1040 2558 1129 2623 volui
1161 2580 1245 2644 quae
1279 2562 1349 2659 ipsi

229 2652 377 2708 auctores
408 2652 523 2707 contra
550 2645 784 2728 prammoticae
812 2643 947 2730 repulus
973 2653 1145 2729 peccantes
1173 2644 1349 2727 scripsisse

228 2729 410 2794 videntur1.

1084 2807 1123 2873 G.
1152 2809 1307 2875 WAITZ.

230 3003 258 3066 1)
276 3001 318 3070 (J.
336 3019 405 3067 quan
423 3000 534 3068 exposui
552 3000 801 3069 ‘Sitnunqsbericlde
820 3001 847 3053 d.
867 3000 939 3052 Berl.
958 2997 1055 3052 Anca!
1078 2999 1156 3052 1883.
1173 3016 1203 3065 p.
1226 3000 1279 3049 113
1295 3019 1350 3068 sqq.
